@misc{fedgraph_delinquency_history,
	author="{Board of Governors of the Federal Reserve System (US)}",
	title="{Delinquency Rate on Credit Card Loans, All Commercial Banks [DRCCLACBS]}",
	year="2022",
	howpublished = "{Available:\\ \url{https://fred.stlouisfed.org/series/DRCCLACBS}}",
	note = "Data retrieved from FRED, Federal Reserve Bank of St. Louis;"
}
@misc{amex-default-prediction-dataset,
	author="{American Express}",
	title="{American Express Default Precition Dataset}",
	year="2022",
	howpublished = "{Available:\\ \url{https://www.kaggle.com/competitions/amex-default-prediction/data}}",
	note = ""
}
@article{Dudoyer12a,
author = "Stephen Dudoyer and Virginie Deniau and Nedim Ben Slimen and Ricardo Adriano",
title = {{Susceptibility of the GSM-R Transmissions to the Railway Electromagnetic Environment}},
journal = {InTech},
volume = {1},
number = {20},
pages = {503-522},
year = {2012},
doi = {10.5772/36149},
note = "{Available:\\ \url{http://dx.doi.org/10.5772/36149}. Online; accessed 16 July 2015}"
}